<record><leader>00000cas a22000007a 4500</leader><controlfield tag="001">14473038</controlfield><controlfield tag="008">861022d189619uutxuwr ne      0    0eng d</controlfield><datafield ind1=" " ind2=" " tag="010"><subfield code="a">sn 86089689 </subfield></datafield><datafield ind1=" " ind2=" " tag="040"><subfield code="a">PPM</subfield><subfield code="b">eng</subfield><subfield code="c">PPM</subfield><subfield code="d">UHC</subfield><subfield code="d">OCLCQ</subfield><subfield code="d">OCLCF</subfield><subfield code="d">OCLCO</subfield></datafield><datafield ind1=" " ind2=" " tag="019"><subfield code="a">9286681</subfield></datafield><datafield ind1=" " ind2=" " tag="042"><subfield code="a">msc</subfield></datafield><datafield ind1=" " ind2=" " tag="043"><subfield code="a">n-us-tx</subfield></datafield><datafield ind1="0" ind2=" " tag="130"><subfield code="a">Texas coast promoter (League City, Tex. : 1896)</subfield></datafield><datafield ind1="1" ind2="0" tag="245"><subfield code="a">Texas coast promoter.</subfield></datafield><datafield ind1=" " ind2=" " tag="260"><subfield code="a">League City, Tex. :</subfield><subfield code="b">M.M. Cox</subfield></datafield><datafield ind1=" " ind2=" " tag="300"><subfield code="a">v. :</subfield><subfield code="b">ill.</subfield></datafield><datafield ind1=" " ind2=" " tag="310"><subfield code="a">Weekly</subfield></datafield><datafield ind1="1" ind2=" " tag="362"><subfield code="a">Began in 1896.</subfield></datafield><datafield ind1=" " ind2=" " tag="588"><subfield code="a">Description based on: Vol. 5, no. 14 (Sept. 28, 1900).</subfield></datafield><datafield ind1=" " ind2="0" tag="651"><subfield code="a">Galveston County (Tex.)</subfield></datafield><datafield ind1=" " ind2="7" tag="651"><subfield code="a">Texas</subfield><subfield code="z">Galveston County.</subfield><subfield code="2">fast</subfield><subfield code="0">(OCoLC)fst01207158</subfield></datafield><datafield ind1=" " ind2=" " tag="752"><subfield code="a">United States</subfield><subfield code="b">Texas</subfield><subfield code="c">Galveston</subfield><subfield code="d">League City.</subfield></datafield></record>